@online{tensorflow_repo,
keywords= {Tensorflow_repo},
	Date = {2022},
	Label = {Tensorflow},
	Subtitle = {},
	Title = {Tensorflow - We provide a collection of detection models pre-trained on the COCO 2017 dataset},
	Url = {https://github.com/tensorflow/models/blob/master/research/object_detection/g3doc/tf2_detection_zoo.md},
	Urldate = {2022-07-16}
}

@online{mobilenet_repo,
keywords= {SSDMobileNet},
	Date = {2022},
	Label = {SSDMobileNet},
	Subtitle = {},
	Title = {SSDMobileNet - SSD Mobilenet V2 Object detection model with FPN-lite feature extractor, shared box predictor and focal loss, trained on COCO 2017 dataset with trainning images scaled to 640x640},
	Url = {https://hub.tensorflow.google.cn/tensorflow/ssd_mobilenet_v2/fpnlite_640x640/1},
	Urldate = {2022-07-16}
}

@online{camerax_overview,
keywords= {CameraX},
	Date = {2022},
	Label = {CameraX},
	Subtitle = {},
	Title = {CameraX - A Jetpack library, built to help make camera app development easier. For new apps, we recommend starting with CameraX. It provides a consistent, easy-to-use API that works across the vast majority of Android devices, with backward-compatibility to Android 5.0 (API level 21)},
	Url = {https://developer.android.com/training/camerax},
	Urldate = {2022-07-16}
}

@online{opentdb,
keywords= {OpentDB},
	Date = {2022},
	Label = {OpentDB},
	Subtitle = {4,073 VERIFIED QUESTIONS AND 8,703 PENDING QUESTIONS},
	Title = {OpentDB - Free to use, user-contributed trivia question database.},
	Url = {https://opentdb.com/},
	Urldate = {2022-07-16}
}